@book{manning2008introductiontoIR,
  added-at = {2011-11-15T12:13:41.000+0100},
  author = {Manning, Christopher D. and Raghavan, Prabhakar and Sch√ºtze, Hinrich},
  biburl = {https://www.bibsonomy.org/bibtex/29f4ab13e07b48b9723113aa74224be65/billythekid145},
  interhash = {2e574e46b7668a7268e7f02b46f4d9bb},
  intrahash = {9f4ab13e07b48b9723113aa74224be65},
  keywords = {2008 book information introduction irhhu retrieval},
  publisher = {Cambridge University Press},
  timestamp = {2011-11-16T08:06:34.000+0100},
  title = {Introduction to Information Retrieval},
  url = {http://nlp.stanford.edu/IR-book/},
  year = 2008
}
@article{Simonetta2019MultimodalMI,
  title={Multimodal Music Information Processing and Retrieval: Survey and Future Challenges},
  author={Federico Simonetta and Stavros Ntalampiras and Federico Avanzini},
  journal={2019 International Workshop on Multilayer Music Representation and Processing (MMRP)},
  year={2019},
  pages={10-18},
  url={https://api.semanticscholar.org/CorpusID:61153370}
}
@article{Koepke2021AudioRW,
  title={Audio Retrieval With Natural Language Queries: A Benchmark Study},
  author={A. Sophia Koepke and Andreea-Maria Oncescu and Jo{\~a}o F. Henriques and Zeynep Akata and Samuel Albanie},
  journal={IEEE Transactions on Multimedia},
  year={2021},
  volume={25},
  pages={2675-2685},
  url={https://api.semanticscholar.org/CorpusID:245329572}
}
@article{Agostinelli2023MusicLMGM,
  title={MusicLM: Generating Music From Text},
  author={Andrea Agostinelli and Timo I. Denk and Zal{\'a}n Borsos and Jesse Engel and Mauro Verzetti and Antoine Caillon and Qingqing Huang and Aren Jansen and Adam Roberts and Marco Tagliasacchi and Matthew Sharifi and Neil Zeghidour and Christian Havn{\o} Frank},
  journal={ArXiv},
  year={2023},
  volume={abs/2301.11325},
  url={https://api.semanticscholar.org/CorpusID:256274504}
}
@inproceedings{Devlin2019BERTPO,
  title={BERT: Pre-training of Deep Bidirectional Transformers for Language Understanding},
  author={Jacob Devlin and Ming-Wei Chang and Kenton Lee and Kristina Toutanova},
  booktitle={North American Chapter of the Association for Computational Linguistics},
  year={2019},
  url={https://api.semanticscholar.org/CorpusID:52967399}
}
@article{Barrington2007AudioIR,
  title={Audio Information Retrieval using Semantic Similarity},
  author={Luke Barrington and Antoni B. Chan and Douglas Turnbull and Gert R. G. Lanckriet},
  journal={2007 IEEE International Conference on Acoustics, Speech and Signal Processing - ICASSP '07},
  year={2007},
  volume={2},
  pages={II-725-II-728},
  url={https://api.semanticscholar.org/CorpusID:5873039}
}
@inproceedings{Barrington2007SEMANTICSF,
  title={SEMANTIC SIMILARITY FOR MUSIC RETRIEVAL},
  author={Luke Barrington and Douglas Turnbull and David A. Torres and Gert R. G. Lanckriet},
  year={2007},
  url={https://api.semanticscholar.org/CorpusID:2208977}
}
@article{Avgoustinakis2020AudiobasedNV,
  title={Audio-based Near-Duplicate Video Retrieval with Audio Similarity Learning},
  author={Pavlos Avgoustinakis and Giorgos Kordopatis-Zilos and Symeon Papadopoulos and Andreas L. Symeonidis and Yiannis Kompatsiaris},
  journal={2020 25th International Conference on Pattern Recognition (ICPR)},
  year={2020},
  pages={5828-5835},
  url={https://api.semanticscholar.org/CorpusID:224713321}
}
@inproceedings{alonso2020tensorflow,
  title={Tensorflow Audio Models in {Essentia}},
  author={Alonso-Jim{\'e}nez, Pablo and Bogdanov, Dmitry and Pons, Jordi and Serra, Xavier},
  booktitle={International Conference on Acoustics, Speech and Signal Processing ({ICASSP})},
  year={2020}
}