@article{owidinternet,
  author = {Hannah Ritchie and Edouard Mathieu and Max Roser and Esteban Ortiz-Ospina},
  title = {Internet},
  journal = {Our World in Data},
  year = {2023},
  note = {https://ourworldindata.org/internet}
}
@book{manning2008introductiontoIR,
  added-at = {2011-11-15T12:13:41.000+0100},
  author = {Manning, Christopher D. and Raghavan, Prabhakar and Schütze, Hinrich},
  biburl = {https://www.bibsonomy.org/bibtex/29f4ab13e07b48b9723113aa74224be65/billythekid145},
  interhash = {2e574e46b7668a7268e7f02b46f4d9bb},
  intrahash = {9f4ab13e07b48b9723113aa74224be65},
  keywords = {2008 book information introduction irhhu retrieval},
  publisher = {Cambridge University Press},
  timestamp = {2011-11-16T08:06:34.000+0100},
  title = {Introduction to Information Retrieval},
  url = {http://nlp.stanford.edu/IR-book/},
  year = 2008
}
@inproceedings{RiseofBigData,
  author={Alabdullah, Bayan and Beloff, Natalia and White, Martin},
  booktitle={2018 21st Saudi Computer Society National Computer Conference (NCC)}, 
  title={Rise of Big Data – Issues and Challenges}, 
  year={2018},
  volume={},
  number={},
  pages={1-6},
  doi={10.1109/NCG.2018.8593166}
}
@article{Simonetta2019MultimodalMI,
  title={Multimodal Music Information Processing and Retrieval: Survey and Future Challenges},
  author={Federico Simonetta and Stavros Ntalampiras and Federico Avanzini},
  journal={2019 International Workshop on Multilayer Music Representation and Processing (MMRP)},
  year={2019},
  pages={10-18},
  url={https://api.semanticscholar.org/CorpusID:61153370}
}
@article{Koepke2021AudioRW,
  title={Audio Retrieval With Natural Language Queries: A Benchmark Study},
  author={A. Sophia Koepke and Andreea-Maria Oncescu and Jo{\~a}o F. Henriques and Zeynep Akata and Samuel Albanie},
  journal={IEEE Transactions on Multimedia},
  year={2021},
  volume={25},
  pages={2675-2685},
  url={https://api.semanticscholar.org/CorpusID:245329572}
}
@inproceedings{Radford2018ImprovingLU,
  title={Improving Language Understanding by Generative Pre-Training},
  author={Alec Radford and Karthik Narasimhan},
  year={2018},
  url={https://api.semanticscholar.org/CorpusID:49313245}
}
@inproceedings{Devlin2019BERTPO,
  title={BERT: Pre-training of Deep Bidirectional Transformers for Language Understanding},
  author={Jacob Devlin and Ming-Wei Chang and Kenton Lee and Kristina Toutanova},
  booktitle={North American Chapter of the Association for Computational Linguistics},
  year={2019},
  url={https://api.semanticscholar.org/CorpusID:52967399}
}
@inproceedings{Reimers2019SentenceBERTSE,
  title={Sentence-BERT: Sentence Embeddings using Siamese BERT-Networks},
  author={Nils Reimers and Iryna Gurevych},
  booktitle={Conference on Empirical Methods in Natural Language Processing},
  year={2019},
  url={https://api.semanticscholar.org/CorpusID:201646309}
}
@misc{SRIConf1,
  author={Carlos Fleitas Aparicio and  Marcel E. Sanchez Aguilar},
  title={Conf},
  year={2021},
  publisher={Universidad de la Habana},
}
@misc{JianMMIR,
  author={Jian Zhang},
  title={Lecture 5: Multimedia Information Retrieval},
  year={2007},
  publisher={National ICT Australia},
  url={https://www.cse.unsw.edu.au/~cs9314/07s1/lectures/Jian_Intro_L5.pdf}
}
@inproceedings{Pennington2014GloVeGV,
  title={GloVe: Global Vectors for Word Representation},
  author={Jeffrey Pennington and Richard Socher and Christopher D. Manning},
  booktitle={Conference on Empirical Methods in Natural Language Processing},
  year={2014},
  url={https://api.semanticscholar.org/CorpusID:1957433}
}
@inproceedings{Mikolov2013EfficientEO,
  title={Efficient Estimation of Word Representations in Vector Space},
  author={Tomas Mikolov and Kai Chen and Gregory S. Corrado and Jeffrey Dean},
  booktitle={International Conference on Learning Representations},
  year={2013},
  url={https://api.semanticscholar.org/CorpusID:5959482}
}
@misc{docEmbReview,
  title = {Document Embedding Techniques},
  url = {https://towardsdatascience.com/document-embedding-techniques-fed3e7a6a25d},
  author = {Shay Palachy Affek},
  year = {2019},
  note = {Accessed on October, 2023}
}
@article{Doh2022TowardUT,
  title={Toward Universal Text-To-Music Retrieval},
  author={Seungheon Doh and Minz Won and Keunwoo Choi and Juhan Nam},
  journal={ICASSP 2023 - 2023 IEEE International Conference on Acoustics, Speech and Signal Processing (ICASSP)},
  year={2022},
  pages={1-5},
  url={https://api.semanticscholar.org/CorpusID:254044729}
}


@article{Schedl2014MusicIR,
  title={Music Information Retrieval: Recent Developments and Applications},
  author={Markus Schedl and Emilia G{\'o}mez and Juli{\'a}n Urbano},
  journal={Found. Trends Inf. Retr.},
  year={2014},
  volume={8},
  pages={127-261},
  url={https://api.semanticscholar.org/CorpusID:207178741}
}
@article{Su2014SemanticCM,
  title={Semantic content-based music retrieval using audio and fuzzy-music-sense features},
  author={Ja-Hwung Su and Chun-Yen Wang and Ting-Wei Chiu and Jia-Ching Ying and Vincent S. Tseng},
  journal={2014 IEEE International Conference on Granular Computing (GrC)},
  year={2014},
  pages={259-264},
  url={https://api.semanticscholar.org/CorpusID:8691851}
}
@article{Manco2021MusCapsGC,
  title={MusCaps: Generating Captions for Music Audio},
  author={Ilaria Manco and Emmanouil Benetos and Elio Quinton and Gy{\"o}rgy Fazekas},
  journal={2021 International Joint Conference on Neural Networks (IJCNN)},
  year={2021},
  pages={1-8},
  url={https://api.semanticscholar.org/CorpusID:233393944}
}
@inproceedings{Kim2010StateOT,
  title={State of the Art Report: Music Emotion Recognition: A State of the Art Review},
  author={Youngmoo E. Kim and Erik M. Schmidt and Raymond Migneco and Brandon G. Morton and Patrick Richardson and Jeffrey J. Scott and Jacquelin A. Speck and Douglas Turnbull},
  booktitle={International Society for Music Information Retrieval Conference},
  year={2010},
  url={https://api.semanticscholar.org/CorpusID:147936492}
}
@article{Allamy20211DCA,
  title={1D CNN Architectures for Music Genre Classification},
  author={Safaa Allamy and Alessandro Lameiras Koerich},
  journal={2021 IEEE Symposium Series on Computational Intelligence (SSCI)},
  year={2021},
  pages={01-07},
  url={https://api.semanticscholar.org/CorpusID:234742681}
}
@article{AthulyaK2021DeepLB,
  title={Deep Learning Based Music Genre Classification Using Spectrogram},
  author={M AthulyaK and S. Sindhu},
  journal={Social Science Research Network},
  year={2021},
  url={https://api.semanticscholar.org/CorpusID:240548157}
}
@article{Qiu2021DBTMPEDB,
  title={DBTMPE: Deep Bidirectional Transformers-Based Masked Predictive Encoder Approach for Music Genre Classification},
  author={Lvyang Qiu and Shuyu Li and Yunsick Sung},
  journal={Mathematics},
  year={2021},
  url={https://api.semanticscholar.org/CorpusID:233798359}
}
@article{Rafi2021ComparativeAO,
  title={Comparative Analysis of Three Improved Deep Learning Architectures for Music Genre Classification},
  author={Quazi Ghulam Rafi and Mohammed Noman and Sadia Zahin Prodhan and Sabrina Shajeen Alam and Dipannyta Nandi},
  journal={International Journal of Information Technology and Computer Science},
  year={2021},
  volume={13},
  pages={1-14},
  url={https://api.semanticscholar.org/CorpusID:234370556}
}
@inproceedings{Koparde2021ASO,
  title={A Survey on Music Genre Classification using Machine Learning},
  author={Shweta Koparde and Vaishnavi R Bhadgaonkar and Kalyani N Patil and Gauri N Basutkar and Dhanashri D Gayke},
  year={2021},
  url={https://api.semanticscholar.org/CorpusID:236427468}
}
@article{Ndou2021MusicGC,
  title={Music Genre Classification: A Review of Deep-Learning and Traditional Machine-Learning Approaches},
  author={Ndiatenda Ndou and Ritesh Ajoodha and Ashwini Jadhav},
  journal={2021 IEEE International IOT, Electronics and Mechatronics Conference (IEMTRONICS)},
  year={2021},
  pages={1-6},
  url={https://api.semanticscholar.org/CorpusID:234500474}
}
@article{Prince2022MusicGC,
  title={Music Genre Classification using Deep learning - A review},
  author={Shajin Prince and Justin Jojy Thomas and Sharon Jostana J and Kakarla Preethi Priya and J Joshua Daniel},
  journal={2022 6th International Conference on Computation System and Information Technology for Sustainable Solutions (CSITSS)},
  year={2022},
  pages={1-5},
  url={https://api.semanticscholar.org/CorpusID:256463192}
}
@article{Alas2016ARO,
  title={A Review of Physical and Perceptual Feature Extraction Techniques for Speech, Music and Environmental Sounds},
  author={Francesc Al{\'i}as and Joan Claudi Socor{\'o} and Xavier Sevillano},
  journal={Applied Sciences},
  year={2016},
  volume={6},
  pages={143},
  url={https://api.semanticscholar.org/CorpusID:17759638}
}
@inproceedings{Andreas2017LearningWL,
  title={Learning with Latent Language},
  author={Jacob Andreas and Dan Klein and Sergey Levine},
  booktitle={North American Chapter of the Association for Computational Linguistics},
  year={2017},
  url={https://api.semanticscholar.org/CorpusID:37390552}
}
@inproceedings{Huang2022MuLanAJ,
  title={MuLan: A Joint Embedding of Music Audio and Natural Language},
  author={Qingqing Huang and Aren Jansen and Joonseok Lee and Ravi Ganti and Judith Yue Li and Daniel P. W. Ellis},
  booktitle={International Society for Music Information Retrieval Conference},
  year={2022},
  url={https://api.semanticscholar.org/CorpusID:251881345}
}
@article{Manco2022ContrastiveAL,
  title={Contrastive Audio-Language Learning for Music},
  author={Ilaria Manco and Emmanouil Benetos and Elio Quinton and Gy{\"o}rgy Fazekas},
  journal={ArXiv},
  year={2022},
  volume={abs/2208.12208},
  url={https://api.semanticscholar.org/CorpusID:251800190}
}
@inproceedings{Tsukuda2017LyricJA,
  title={Lyric Jumper: A Lyrics-Based Music Exploratory Web Service by Modeling Lyrics Generative Process},
  author={Kosetsu Tsukuda and Keisuke Ishida and Masataka Goto},
  booktitle={International Society for Music Information Retrieval Conference},
  year={2017},
  url={https://api.semanticscholar.org/CorpusID:19155835}
}
@article{Lee2020DisentangledMM,
  title={Disentangled Multidimensional Metric Learning for Music Similarity},
  author={Jongpil Lee and Nicholas J. Bryan and Justin Salamon and Zeyu Jin and Juhan Nam},
  journal={ICASSP 2020 - 2020 IEEE International Conference on Acoustics, Speech and Signal Processing (ICASSP)},
  year={2020},
  pages={6-10},
  url={https://api.semanticscholar.org/CorpusID:216523975}
}
@inproceedings{Li2019QueryBV,
  title={Query by Video: Cross-modal Music Retrieval},
  author={Bochen Li and Aparna Kumar},
  booktitle={International Society for Music Information Retrieval Conference},
  year={2019},
  url={https://api.semanticscholar.org/CorpusID:208334772}
}
@inproceedings{Patel2021MusicRS,
  title={Music Retrieval System Using Query-by-Humming},
  author={Parth Patel},
  year={2021},
  url={https://api.semanticscholar.org/CorpusID:260056340}
}
@article{Su2022HighperformanceCM,
  title={High-performance content-based music retrieval via automated navigation and semantic features},
  author={Ja-Hwung Su and Tzung-Pei Hong and Yu-Tang Chen and Chu-Yu Chin},
  journal={Eng. Appl. Artif. Intell.},
  year={2022},
  volume={115},
  pages={105267},
  url={https://api.semanticscholar.org/CorpusID:251462140}
}
@inproceedings{Celma2006BridgingTM,
  title={Bridging the Music Semantic Gap},
  author={{\`O}scar Celma and Perfecto Herrera and Xavier Serra},
  year={2006},
  url={https://api.semanticscholar.org/CorpusID:17648746}
}
@inproceedings{Celma2006AMA,
  title={A Multimodal Approach to Bridge the Music Semantic Gap},
  author={{\`O}scar Celma and Perfecto Herrera and Xavier Serra},
  booktitle={International Conference on Semantics and Digital Media Technologies},
  year={2006},
  url={https://api.semanticscholar.org/CorpusID:15548958}
}
@misc{NLP4MIR,
  title = {Natural Language Processing for MIR},
  url = {https://www.upf.edu/documents/8071534/9114956/Tutorial_NLP4MIR.pdf/a3c44449-96ac-eb27-6274-1c5020d293d7},
  author = {Sergio Oramas and Luis Espinosa-Anke and Shuo Zhang},
  year = {2016},
  note = {Accessed on November, 2023}
}
@article{Mitra2017NeuralMF,
  title={Neural Models for Information Retrieval},
  author={Bhaskar Mitra and Nick Craswell},
  journal={ArXiv},
  year={2017},
  volume={abs/1705.01509},
  url={https://api.semanticscholar.org/CorpusID:23137465}
}
@article{LeCun2015DeepL,
  title={Deep Learning},
  author={Yann LeCun and Yoshua Bengio and Geoffrey E. Hinton},
  journal={Nature},
  year={2015},
  volume={521},
  pages={436-444},
  url={https://api.semanticscholar.org/CorpusID:3074096}
}
@article{Bahdanau2014NeuralMT,
  title={Neural Machine Translation by Jointly Learning to Align and Translate},
  author={Dzmitry Bahdanau and Kyunghyun Cho and Yoshua Bengio},
  journal={CoRR},
  year={2014},
  volume={abs/1409.0473},
  url={https://api.semanticscholar.org/CorpusID:11212020}
}
@article{Deng2014DeepLM,
  title={Deep Learning: Methods and Applications},
  author={Li Deng and Dong Yu},
  journal={Found. Trends Signal Process.},
  year={2014},
  volume={7},
  pages={197-387},
  url={https://api.semanticscholar.org/CorpusID:53304118}
}
@article{Hinton2012DeepNN,
  title={Deep Neural Networks for Acoustic Modeling in Speech Recognition: The Shared Views of Four Research Groups},
  author={Geoffrey E. Hinton and Liya Deng and Dong Yu and George E. Dahl and Abdel-rahman Mohamed and Navdeep Jaitly and Andrew W. Senior and Vincent Vanhoucke and Patrick Nguyen and Tara N. Sainath and Brian Kingsbury},
  journal={IEEE Signal Processing Magazine},
  year={2012},
  volume={29},
  pages={82-97},
  url={https://api.semanticscholar.org/CorpusID:58623492}
}
@inproceedings{Taylor2006OptimisationMF,
  title={Optimisation methods for ranking functions with multiple parameters},
  author={Michael J. Taylor and Hugo Zaragoza and Nick Craswell and Stephen E. Robertson and Christopher J. C. Burges},
  booktitle={International Conference on Information and Knowledge Management},
  year={2006},
  url={https://api.semanticscholar.org/CorpusID:3353166}
}
@article{Mitra2016LearningTM,
  title={Learning to Match using Local and Distributed Representations of Text for Web Search},
  author={Bhaskar Mitra and Fernando Diaz and Nick Craswell},
  journal={Proceedings of the 26th International Conference on World Wide Web},
  year={2016},
  url={https://api.semanticscholar.org/CorpusID:8497672}
}
@article{Whitman2002MusicalQA,
  title={Musical query-by-description as a multiclass learning problem},
  author={Brian Whitman and Ryan M. Rifkin},
  journal={2002 IEEE Workshop on Multimedia Signal Processing.},
  year={2002},
  pages={153-156},
  url={https://api.semanticscholar.org/CorpusID:898483}
}
@article{Oramas2016InformationEF,
  title={Information extraction for knowledge base construction in the music domain},
  author={Sergio Oramas and Luis Espinosa Anke and Mohamed Sordo and Horacio Saggion and Xavier Serra},
  journal={Data Knowl. Eng.},
  year={2016},
  volume={106},
  pages={70-83},
  url={https://api.semanticscholar.org/CorpusID:5576980}
}
@inproceedings{Oramas2015ASA,
  title={A Semantic-Based Approach for Artist Similarity},
  author={Sergio Oramas and Mohamed Sordo and Luis Espinosa Anke and Xavier Serra},
  booktitle={International Society for Music Information Retrieval Conference},
  year={2015},
  url={https://api.semanticscholar.org/CorpusID:7992149}
}
@article{Oramas2018MultimodalDL,
  title={Multimodal Deep Learning for Music Genre Classification},
  author={Sergio Oramas and Francesco Barbieri and Oriol Nieto and Xavier Serra},
  journal={Trans. Int. Soc. Music. Inf. Retr.},
  year={2018},
  volume={1},
  pages={4-21},
  url={https://api.semanticscholar.org/CorpusID:57263987}
}
@article{Delbouys2018MusicMD,
  title={Music Mood Detection Based on Audio and Lyrics with Deep Neural Net},
  author={R{\'e}mi Delbouys and Romain Hennequin and Francesco Piccoli and Jimena Royo-Letelier and Manuel Moussallam},
  journal={ArXiv},
  year={2018},
  volume={abs/1809.07276},
  url={https://api.semanticscholar.org/CorpusID:52303761}
}
@inproceedings{Jeon2017MusicER,
  title={Music Emotion Recognition via End-to-End Multimodal Neural Networks},
  author={Byungsoo Jeon and Chanju Kim and Adrian Kim and Dongwon Kim and Jangyeon Park and Jung-Woo Ha},
  booktitle={RecSys Posters},
  year={2017},
  url={https://api.semanticscholar.org/CorpusID:416794}
}
@inproceedings{Cai2020MusicAA,
  title={Music autotagging as captioning},
  author={Tianuhi Cai and Michael Mandel and Di He},
  booktitle={NLP4MUSA},
  year={2020},
  url={https://api.semanticscholar.org/CorpusID:227217162}
}
@inproceedings{Choi2016AutomaticTU,
  title={Automatic Tagging Using Deep Convolutional Neural Networks},
  author={Keunwoo Choi and Gy{\"o}rgy Fazekas and Mark B. Sandler},
  booktitle={International Society for Music Information Retrieval Conference},
  year={2016},
  url={https://api.semanticscholar.org/CorpusID:582314}
}
@article{Lee2017SamplelevelDC,
  title={Sample-level Deep Convolutional Neural Networks for Music Auto-tagging Using Raw Waveforms},
  author={Jongpil Lee and Jiyoung Park and Keunhyoung Luke Kim and Juhan Nam},
  journal={ArXiv},
  year={2017},
  volume={abs/1703.01789},
  url={https://api.semanticscholar.org/CorpusID:17589207}
}
@article{Pons2017EndtoendLF,
  title={End-to-end Learning for Music Audio Tagging at Scale},
  author={Jordi Pons and Oriol Nieto and Matthew Prockup and Erik M. Schmidt and Andreas F. Ehmann and Xavier Serra},
  journal={ArXiv},
  year={2017},
  volume={abs/1711.02520},
  url={https://api.semanticscholar.org/CorpusID:22756561}
}
@inproceedings{Jia2021ScalingUV,
  title={Scaling Up Visual and Vision-Language Representation Learning With Noisy Text Supervision},
  author={Chao Jia and Yinfei Yang and Ye Xia and Yi-Ting Chen and Zarana Parekh and Hieu Pham and Quoc V. Le and Yun-Hsuan Sung and Zhen Li and Tom Duerig},
  booktitle={International Conference on Machine Learning},
  year={2021},
  url={https://api.semanticscholar.org/CorpusID:231879586}
}
@inproceedings{Radford2021LearningTV,
  title={Learning Transferable Visual Models From Natural Language Supervision},
  author={Alec Radford and Jong Wook Kim and Chris Hallacy and Aditya Ramesh and Gabriel Goh and Sandhini Agarwal and Girish Sastry and Amanda Askell and Pamela Mishkin and Jack Clark and Gretchen Krueger and Ilya Sutskever},
  booktitle={International Conference on Machine Learning},
  year={2021},
  url={https://api.semanticscholar.org/CorpusID:231591445}
}
@inproceedings{Nagrani2022LearningAM,
  title={Learning Audio-Video Modalities from Image Captions},
  author={Arsha Nagrani and Paul Hongsuck Seo and Bryan Seybold and Anja Hauth and Santiago Man{\'e}n and Chen Sun and Cordelia Schmid},
  booktitle={European Conference on Computer Vision},
  year={2022},
  url={https://api.semanticscholar.org/CorpusID:247939759}
}
@article{Drossos2019ClothoAA,
  title={Clotho: an Audio Captioning Dataset},
  author={Konstantinos Drossos and Samuel Lipping and Tuomas Virtanen},
  journal={ICASSP 2020 - 2020 IEEE International Conference on Acoustics, Speech and Signal Processing (ICASSP)},
  year={2019},
  pages={736-740},
  url={https://api.semanticscholar.org/CorpusID:204800739}
}
@inproceedings{Kim2019AudioCapsGC,
  title={AudioCaps: Generating Captions for Audios in The Wild},
  author={Chris Dongjoo Kim and Byeongchang Kim and Hyunmin Lee and Gunhee Kim},
  booktitle={North American Chapter of the Association for Computational Linguistics},
  year={2019},
  url={https://api.semanticscholar.org/CorpusID:174799768}
}
@article{Brundha2022VectorMB,
  title={Vector Model Based Information Retrieval System With Word Embedding Transformation},
  author={J. Brundha and K. N. Meera},
  journal={2022 10th International Conference on Emerging Trends in Engineering and Technology - Signal and Information Processing (ICETET-SIP-22)},
  year={2022},
  pages={01-04},
  url={https://api.semanticscholar.org/CorpusID:249703866}
}
@inproceedings{Yuan2020ImprovingIR,
  title={Improving information retrieval by semantic embedding},
  author={Ye Yuan},
  year={2020},
  url={https://api.semanticscholar.org/CorpusID:232591782}
}
@article{Agostinelli2023MusicLMGM,
  title={MusicLM: Generating Music From Text},
  author={Andrea Agostinelli and Timo I. Denk and Zal{\'a}n Borsos and Jesse Engel and Mauro Verzetti and Antoine Caillon and Qingqing Huang and Aren Jansen and Adam Roberts and Marco Tagliasacchi and Matthew Sharifi and Neil Zeghidour and Christian Havn{\o} Frank},
  journal={ArXiv},
  year={2023},
  volume={abs/2301.11325},
  url={https://api.semanticscholar.org/CorpusID:256274504}
}
@misc{huggFaceMusicCaps,
  title = {Dataset Card for MusicCaps},
  url = {https://huggingface.co/datasets/google/MusicCaps},
  year = {2023},
  note = {Accessed on September, 2023}
}
@article{Gemmeke2017AudioSA,
  title={Audio Set: An ontology and human-labeled dataset for audio events},
  author={Jort F. Gemmeke and Daniel P. W. Ellis and Dylan Freedman and Aren Jansen and Wade Lawrence and R. Channing Moore and Manoj Plakal and Marvin Ritter},
  journal={2017 IEEE International Conference on Acoustics, Speech and Signal Processing (ICASSP)},
  year={2017},
  pages={776-780},
  url={https://api.semanticscholar.org/CorpusID:21519176}
}
@inproceedings{alonso2020tensorflow,
  title={Tensorflow Audio Models in {Essentia}},
  author={Alonso-Jim{\'e}nez, Pablo and Bogdanov, Dmitry and Pons, Jordi and Serra, Xavier},
  booktitle={International Conference on Acoustics, Speech and Signal Processing ({ICASSP})},
  year={2020}
}
@article{Foltz1996LatentSA,
  title={Latent semantic analysis for text-based research},
  author={Peter W. Foltz},
  journal={Behavior Research Methods, Instruments, \& Computers},
  year={1996},
  volume={28},
  pages={197-202},
  url={https://api.semanticscholar.org/CorpusID:62205532}
}
@article{Yang2021TableTT,
  title={Table to text generation with accurate content copying},
  author={Yang Yang and Juan Cao and Yujun Wen and Pengzhou Zhang},
  journal={Scientific Reports},
  year={2021},
  volume={11},
  url={https://api.semanticscholar.org/CorpusID:238721518}
}
@inproceedings{Gong2020TableGPTFT,
  title={TableGPT: Few-shot Table-to-Text Generation with Table Structure Reconstruction and Content Matching},
  author={Heng Gong and Yawei Sun and Xiaocheng Feng and Bing Qin and Wei Bi and Xiaojiang Liu and Ting Liu},
  booktitle={International Conference on Computational Linguistics},
  year={2020},
  url={https://api.semanticscholar.org/CorpusID:227231240}
}
@inbook{Beitzel2009,
  author = {Beitzel, Steven M. and Jensen, Eric C. and Frieder, Ophir},
  chapter = {MAP},
  title = {Encyclopedia of Database Systems},
  year = {2009},
  publisher = {Springer US},
  address = {Boston, MA},
  pages = {1691--1692},
  isbn = {978-0-387-39940-9},
  doi = {10.1007/978-0-387-39940-9_492},
  url = {https://doi.org/10.1007/978-0-387-39940-9_492}
}
@misc{mAPAnalyticsYogi,
  title = {Mean Average Precision (MAP) for Information Retrieval Systems},
  url = {https://vitalflux.com/mean-average-precision-map-for-information-retrieval-systems/},
  author = {Ajitesh Kumar},
  year = {2023},
  note = {Accessed on December, 2023}
}