
@article{Koepke2021AudioRW,
  title={Audio Retrieval With Natural Language Queries: A Benchmark Study},
  author={A. Sophia Koepke and Andreea-Maria Oncescu and Jo{\~a}o F. Henriques and Zeynep Akata and Samuel Albanie},
  journal={IEEE Transactions on Multimedia},
  year={2021},
  volume={25},
  pages={2675-2685},
  url={https://api.semanticscholar.org/CorpusID:245329572}
}
@article{Barrington2007AudioIR,
  title={Audio Information Retrieval using Semantic Similarity},
  author={Luke Barrington and Antoni B. Chan and Douglas Turnbull and Gert R. G. Lanckriet},
  journal={2007 IEEE International Conference on Acoustics, Speech and Signal Processing - ICASSP '07},
  year={2007},
  volume={2},
  pages={II-725-II-728},
  url={https://api.semanticscholar.org/CorpusID:5873039}
}
@inproceedings{Barrington2007SEMANTICSF,
  title={SEMANTIC SIMILARITY FOR MUSIC RETRIEVAL},
  author={Luke Barrington and Douglas Turnbull and David A. Torres and Gert R. G. Lanckriet},
  year={2007},
  url={https://api.semanticscholar.org/CorpusID:2208977}
}
@article{Avgoustinakis2020AudiobasedNV,
  title={Audio-based Near-Duplicate Video Retrieval with Audio Similarity Learning},
  author={Pavlos Avgoustinakis and Giorgos Kordopatis-Zilos and Symeon Papadopoulos and Andreas L. Symeonidis and Yiannis Kompatsiaris},
  journal={2020 25th International Conference on Pattern Recognition (ICPR)},
  year={2020},
  pages={5828-5835},
  url={https://api.semanticscholar.org/CorpusID:224713321}
}
@inproceedings{alonso2020tensorflow,
  title={Tensorflow Audio Models in {Essentia}},
  author={Alonso-Jim{\'e}nez, Pablo and Bogdanov, Dmitry and Pons, Jordi and Serra, Xavier},
  booktitle={International Conference on Acoustics, Speech and Signal Processing ({ICASSP})},
  year={2020}
}